<?xml version="1.0" encoding="UTF-8"?><collection xmlns="http://www.loc.gov/MARC21/slim"><record><leader>00445nam--2200133-i-4500</leader><controlfield tag="001">000000182</controlfield><controlfield tag="002">20161230</controlfield><controlfield tag="005">20161230201023</controlfield><controlfield tag="008">060222s1000------------r-----000-0-eng-d</controlfield><datafield ind1=" " ind2=" " tag="080"><subfield code="a">62-523.2:538.26</subfield></datafield><datafield ind1=" " ind2=" " tag="100"><subfield code="a">Geyger, William A</subfield></datafield><datafield ind1=" " ind2=" " tag="245"><subfield code="a">Dispozitive magnetice neliniare.dispozitive utilizate in tehnica reglarii automate,a calculului si masurarii.traducere din limba engleza-s.u.a</subfield></datafield><datafield ind1=" " ind2=" " tag="260"><subfield code="a">Bucuresti, Editura Tehnica.388 P</subfield></datafield><datafield ind1=" " ind2=" " tag="852"><subfield code="a">28557</subfield></datafield></record></collection>